@article{edelsbrunner2002topological,
  title={Topological persistence and simplification},
  author={Edelsbrunner and Letscher and Zomorodian},
  journal={Discrete \& computational geometry},
  volume={28},
  number={4},
  pages={511--533},
  year={2002},
  publisher={Springer},
  doi = {10.1007/s00454-002-2885-2}
}


@article{bubenik2015statistical,
  title={Statistical topological data analysis using persistence landscapes},
  author={Bubenik, Peter},
  journal={The Journal of Machine Learning Research},
  volume={16},
  number={1},
  pages={77--102},
  year={2015},
  publisher={JMLR. org},
  doi={10.5555/2789272.2789275}
}

@inproceedings{chazal2014stochastic,
  title={Stochastic convergence of persistence landscapes and silhouettes},
  author={Chazal, Fr{\'e}d{\'e}ric and Fasy, Brittany Terese and Lecci, Fabrizio and Rinaldo, Alessandro and Wasserman, Larry},
  booktitle={Proceedings of the thirtieth annual symposium on Computational geometry},
  pages={474--483},
  year={2014},
  doi = {10.1145/2582112.2582128}
}

@article{adams2017persistence,
  title={Persistence images: A stable vector representation of persistent homology},
  author={Adams, Henry and Emerson, Tegan and Kirby, Michael and Neville, Rachel and Peterson, Chris and Shipman, Patrick and Chepushtanova, Sofya and Hanson, Eric and Motta, Francis and Ziegelmeier, Lori},
  journal={The Journal of Machine Learning Research},
  volume={18},
  number={1},
  pages={218--252},
  year={2017},
  publisher={JMLR. org},
  doi={10.5555/3122009.3122017}
}

@article{Carlsson:2009,
  title={Topology and Data},
  author={Carlsson, G.},
  journal={Bulletin of the American Mathematical Society},
  volume={46},
  number={2},
  year={2009},
  doi={10.1090/S0273-0979-09-01249-X}
}

@article{chung2022persistence,
	title={Persistence curves: A canonical framework for summarizing persistence diagrams},
	author={Chung, Yu-Min and Lawson, Austin},
	journal={Advances in Computational Mathematics},
	volume={48},
	number={1},
	pages={1--42},
	year={2022},
	publisher={Springer},
	doi={10.1007/s10444-021-09893-4}
}

@article{chazal2021introduction,
	title={An introduction to topological data analysis: fundamental and practical aspects for data scientists},
	author={Chazal, Fr{\'e}d{\'e}ric and Michel, Bertrand},
	journal={Frontiers in artificial intelligence},
	volume={4},
	year={2021},
	publisher={Frontiers Media SA},
	doi={10.3389/frai.2021.667963}
}

@article{hensel2021survey,
	title={A survey of topological machine learning methods},
	author={Hensel, Felix and Moor, Michael and Rieck, Bastian},
	journal={Frontiers in Artificial Intelligence},
	volume={4},
	pages={681108},
	year={2021},
	publisher={Frontiers Media SA},
	doi={10.3389/frai.2021.681108}
}

@Manual{TDAvec,
	title = {TDAvec: Vector Summaries of Persistence Diagrams},
	author = {Umar Islambekov and Alexey Luchinsky},
	year = {2022},
	note = {R package version 0.1.2},
	url = {https://CRAN.R-project.org/package=TDAvec},
	doi={10.32614/CRAN.package.TDAvec}
}

@Manual{TDA,
	title = {TDA: Statistical Tools for Topological Data Analysis},
	author = {Brittany T. Fasy and Jisu Kim and Fabrizio Lecci and Clement Maria and David L. Millman and Vincent Rouvreau.},
	year = {2021},
	note = {R package version 1.7.7},
	url = {https://CRAN.R-project.org/package=TDA},
	doi={10.32614/CRAN.package.TDA}
}

  @article{wadhwa2018tdastats,
	title = {TDAstats: R pipeline for computing persistent homology in topological data analysis},
	author = {Raoul R. Wadhwa and Drew F. K. Williamson and Andrew Dhawan and Jacob G. Scott},
	journal = {Journal of Open Source Software},
	year = {2018},
	volume = {3},
	number = {28},
	pages = {860},
	url = {https://doi.org/10.21105/joss.00860},
	doi = {10.21105/joss.00860}
}


@article{atienza2020stability,
	title={On the stability of persistent entropy and new summary functions for topological data analysis},
	author={Atienza, Nieves and Gonzalez-Diaz, Rocio and Soriano-Trigueros, Manuel},
	journal={Pattern Recognition},
	volume={107},
	pages={107509},
	year={2020},
	publisher={Elsevier},
	doi={10.1016/j.patcog.2020.107509}
}

@article{richardson2014efficient,
	title={Efficient classification using the {E}uler characteristic},
	author={Richardson, Eitan and Werman, Michael},
	journal={Pattern Recognition Letters},
	volume={49},
	pages={99--106},
	year={2014},
	publisher={Elsevier},
	doi={10.1016/j.patrec.2014.07.001}
}

@article{chan2022computationally,
	title={A computationally efficient framework for vector representation of persistence diagrams},
	author={Chan, Kit C and Islambekov, Umar and Luchinsky, Alexey and Sanders, Rebecca},
	journal={Journal of Machine Learning Research},
	volume={23},
	number={268},
	pages={1--33},
	year={2022},
	doi={10.5555/3586589.3586857}
}

@incollection{nanda2013simplicial,
	title={Simplicial models and topological inference in biological systems},
	author={Nanda, Vidit and Sazdanovic, Radmila},
	booktitle={Discrete and topological models in molecular biology},
	pages={109--141},
	year={2013},
	publisher={Springer},
	address = {Berlin, Heidelberg},
	doi={10.1007/978-3-642-40193-0_6}
}

@article{Bauer2021Ripser,
	AUTHOR = {Bauer, Ulrich},
	TITLE = {Ripser: efficient computation of {V}ietoris-{R}ips persistence
	barcodes},
	JOURNAL = {J. Appl. Comput. Topol.},
	FJOURNAL = {Journal of Applied and Computational Topology},
	VOLUME = {5},
	YEAR = {2021},
	NUMBER = {3},
	PAGES = {391--423},
	ISSN = {2367-1726},
	MRCLASS = {55N31 (55-04)},
	MRNUMBER = {4298669},
	DOI = {10.1007/s41468-021-00071-5},
	URL = {https://doi.org/10.1007/s41468-021-00071-5},
}


  @Manual{Rcpp,
	title = {Rcpp: Seamless {R} and {C++} Integration},
	author = {Dirk Eddelbuettel and Romain Francois and JJ Allaire and
	Kevin Ushey and Qiang Kou and Nathan Russell and Inaki Ucar and
	Douglas Bates and John Chambers},
	year = {2024},
	note = {R package version 1.0.13},
	url = {https://CRAN.R-project.org/package=Rcpp},
	doi={10.32614/CRAN.package.Rcpp}
}

  @Article{RcppArmadillo,
    title = {RcppArmadillo: Accelerating R with high-performance C++
      linear algebra},
    author = {Dirk Eddelbuettel and Conrad Sanderson},
    journal = {Computational Statistics and Data Analysis},
    year = {2014},
    volume = {71},
    month = {March},
    pages = {1054--1063},
    doi = {10.1016/j.csda.2013.02.005},
  }



@article{perea2023approximating,
  title={Approximating continuous functions on persistence diagrams using template functions},
  author={Perea, Jose A and Munch, Elizabeth and Khasawneh, Firas A},
  journal={Foundations of Computational Mathematics},
  volume={23},
  number={4},
  pages={1215--1272},
  year={2023},
  publisher={Springer},
  doi = {10.1007/s10208-022-09567-7}
}

@article{Algebraic_functions,
author = {Adcock, Aaron and Carlsson, Erik and Carlsson, Gunnar},
year = {2013},
month = {04},
pages = {},
title = {The Ring of Algebraic Functions on Persistence Bar Codes},
volume = {18},
journal = {Homology, Homotopy and Applications},
doi = {10.4310/HHA.2016.v18.n1.a21}
}

@article{ferri1999representing,
  title={Representing size functions by complex polynomials},
  author={Ferri, Massimo and Landi, Claudia},
  journal={Proc. Math. Met. in Pattern Recognition},
  volume={9},
  pages={16--19},
  year={1999}
}

@inproceedings{di2015comparing,
  title={Comparing persistence diagrams through complex vectors},
  author={Di Fabio, Barbara and Ferri, Massimo},
  booktitle={Image Analysis and Processingâ€”ICIAP 2015: 18th International Conference, Genoa, Italy, September 7-11, 2015, Proceedings, Part I 18},
  pages={294--305},
  year={2015},
  organization={Springer},
  doi = {10.1007/978-3-319-23231-7_27}
}

@article{kalivsnik2019tropical,
  title={Tropical coordinates on the space of persistence barcodes},
  author={Kali{\v{s}}nik, Sara},
  journal={Foundations of Computational Mathematics},
  volume={19},
  number={1},
  pages={101--129},
  year={2019},
  publisher={Springer},
  doi = {10.1007/s10208-018-9379-y}
}


@article{ali2023survey,
  author={Ali, Dashti and Asaad, Aras and Jimenez, Maria-Jose and Nanda, Vidit and Paluzo-Hidalgo, Eduardo and Soriano-Trigueros, Manuel},
  journal={IEEE Transactions on Pattern Analysis and Machine Intelligence},
  title={A Survey of Vectorization Methods in Topological Data Analysis},
  year={2023},
  volume={45},
  number={12},
  pages={14069-14080},
  keywords={Measurement;Data analysis;Filtration;Machine learning;Benchmark testing;Task analysis;Electronic mail;Barcodes;persistent homology;topological data analysis;vectorization methods},
  doi={10.1109/TPAMI.2023.3308391}
}




