@article{adams2017persistence,
  title        = {Persistence Images: A Stable Vector Representation of Persistent Homology},
  author       = {Adams, Henry and Emerson, Tegan and Kirby, Michael and Neville, Rachel and Peterson, Chris and Shipman, Patrick and Chepushtanova, Sofya and Hanson, Eric and Motta, Francis and Ziegelmeier, Lori},
  journal      = {Journal of Machine Learning Research},
  volume       = {18},
  number       = {1},
  pages        = {218--252},
  year         = {2017}
}

@article{atienza2020stability,
  title        = {On the Stability of Persistent Entropy and New Summary Functions for Topological Data Analysis},
  author       = {Atienza, Nieves and Gonzalez-Diaz, Rocio and Soriano-Trigueros, Manuel},
  journal      = {Pattern Recognition},
  volume       = {107},
  pages        = {107509},
  year         = {2020}
}

@misc{awesome-tda:2024,
  title        = {Awesome-TDA},
  note         = {Online repository of Topological Data Analysis resources},
  year         = {2024}
}

@software{tdaunif,
  author       = {Brunson, Jason C. and Demkowicz, Brandon and Choudhary, Sanmati},
  title        = {TDAunif: Uniform Manifold Samplers for Topological Data Analysis},
  version      = {0.2.0},
  year         = {2024},
  note         = {R package}
}

@software{TDApplied,
  author       = {Brown, Shael and Farivar, Reza},
  title        = {TDApplied: Machine Learning and Inference for Topological Data Analysis},
  version      = {3.0.3},
  year         = {2024},
  note         = {R package}
}

@article{Carlsson:2009,
  author       = {Carlsson, Gunnar},
  title        = {Topology and Data},
  journal      = {Bulletin of the American Mathematical Society},
  volume       = {46},
  number       = {2},
  pages        = {255--308},
  year         = {2009}
}

@article{chan2022computationally,
  title        = {A Computationally Efficient Framework for Vector Representation of Persistence Diagrams},
  author       = {Chan, Kit C. and Islambekov, Umar and Luchinsky, Alexey and Sanders, Rebecca},
  journal      = {Journal of Machine Learning Research},
  volume       = {23},
  number       = {268},
  pages        = {1--33},
  year         = {2022}
}

@article{TentFunction,
  author       = {Perea, Jose A. and Munch, Elizabeth and Khasawneh, Firas A.},
  title        = {Approximating Continuous Functions on Persistence Diagrams Using Template Functions},
  journal      = {Foundations of Computational Mathematics},
  volume       = {23},
  number       = {4},
  pages        = {1215--1272},
  year         = {2023}
}

@article{chung2022persistence,
  title        = {Persistence Curves: A Canonical Framework for Summarizing Persistence Diagrams},
  author       = {Chung, Yu-Min and Lawson, Austin},
  journal      = {Advances in Computational Mathematics},
  volume       = {48},
  number       = {1},
  pages        = {1--42},
  year         = {2022}
}

@article{chazal2021introduction,
  title        = {An Introduction to Topological Data Analysis: Fundamental and Practical Aspects for Data Scientists},
  author       = {Chazal, Fr{\'e}d{\'e}ric and Michel, Bertrand},
  journal      = {Frontiers in Artificial Intelligence},
  volume       = {4},
  year         = {2021}
}

@misc{christopher2018lean,
  author       = {Christopher, T. and Nathaniel, S. and Rann, B. O.},
  title        = {A Lean Persistent Homology Library for Python},
  journal      = {Open Journal},
  volume       = {925},
  year         = {2018}
}

@book{edelsbrunner2010computational,
  author       = {Edelsbrunner, Herbert and Harer, John},
  title        = {Computational Topology: An Introduction},
  publisher    = {American Mathematical Society},
  year         = {2010}
}

@software{TDA,
  author       = {Fasy, Brittany T. and Kim, Jisu and Lecci, Fabrizio and Maria, Clement and Millman, David L. and Rouvreau, Vincent},
  title        = {TDA: Statistical Tools for Topological Data Analysis},
  version      = {1.7.7},
  year         = {2021},
  note         = {R package}
}

@article{hensel2021survey,
  title        = {A Survey of Topological Machine Learning Methods},
  author       = {Hensel, Felix and Moor, Michael and Rieck, Bastian},
  journal      = {Frontiers in Artificial Intelligence},
  volume       = {4},
  pages        = {681108},
  year         = {2021}
}

@software{pyTDAvec:2024,
  author       = {Luchinsky, Aleksei and Islambekov, Umar},
  title        = {Python Interface to TDAvec Library},
  year         = {2024},
  note         = {Python package}
}

@software{Dionysus2,
  author       = {Morozov, Dmitriy},
  title        = {Dionysus 2: Library for Computing Persistent Homology},
  year         = {2018},
  note         = {Python library}
}

@incollection{nanda2013simplicial,
  author       = {Nanda, Vidit and Sazdanovic, Radmila},
  title        = {Simplicial Models and Topological Inference in Biological Systems},
  booktitle    = {Discrete and Topological Models in Molecular Biology},
  pages        = {109--141},
  publisher    = {Springer},
  address      = {Berlin, Heidelberg},
  year         = {2013}
}

@software{TDAmapper,
  author       = {Pearson, Paul and Muellner, Daniel and Singh, Gurjeet},
  title        = {TDAmapper: Topological Data Analysis Using Mapper},
  version      = {1.0},
  year         = {2015},
  note         = {R package}
}

@software{kernelTDA,
  author       = {Padellini, Tullia and Palini, Francesco},
  title        = {kernelTDA: Statistical Learning with Kernel for Persistence Diagrams},
  version      = {1.0.0},
  year         = {2020},
  note         = {R package}
}

@misc{rouvreau2020gudhi,
  author       = {Rouvreau, Vincent},
  title        = {GUDHI User and Reference Manual},
  year         = {2020},
  note         = {Software documentation}
}

@article{richardson2014efficient,
  title        = {Efficient Classification Using the Euler Characteristic},
  author       = {Richardson, Eitan and Werman, Michael},
  journal      = {Pattern Recognition Letters},
  volume       = {49},
  pages        = {99--106},
  year         = {2014}
}

@software{Persim,
  author       = {Saul, Nathaniel},
  title        = {Persim: Persistent Homology Visualization Toolkit},
  version      = {0.3.7},
  year         = {2019},
  note         = {Python package}
}

@software{scikittda2019,
  author       = {Saul, Nathaniel and Tralie, Chris},
  title        = {Scikit-TDA: Topological Data Analysis for Python},
  year         = {2019},
  note         = {Python library}
}

@article{tauzin2021giotto,
  title        = {Giotto-TDA: A Topological Data Analysis Toolkit for Machine Learning and Data Exploration},
  author       = {Tauzin, Guillaume and Lupo, Umberto and Tunstall, Lewis and PÃ©rez, Julian Burella and Caorsi, Matteo and Medina-Mardones, Anibal M. and Dassatti, Alberto and Hess, Kathryn},
  journal      = {Journal of Machine Learning Research},
  volume       = {22},
  number       = {39},
  pages        = {1--6},
  year         = {2021}
}

@article{van2019kepler,
  title        = {Kepler Mapper: A Flexible Python Implementation of the Mapper Algorithm},
  author       = {Van Veen, Hendrik Jacob and Saul, Nathaniel and Eargle, David and Mangham, Sam W.},
  journal      = {Journal of Open Source Software},
  volume       = {4},
  number       = {42},
  pages        = {1315},
  year         = {2019}
}

@software{ripserr,
  author       = {Wadhwa, Raoul and Piekenbrock, Matt and Scott, Jacob},
  title        = {ripserr: Calculate Persistent Homology with Ripser-Based Engines},
  version      = {0.1.1},
  year         = {2020},
  note         = {R package}
}

@article{wadhwa2018tdastats,
  title        = {TDAstats: R Pipeline for Computing Persistent Homology in Topological Data Analysis},
  author       = {Wadhwa, Raoul R. and Williamson, Drew F. K. and Dhawan, Andrew and Scott, Jacob G.},
  journal      = {Journal of Open Source Software},
  volume       = {3},
  number       = {28},
  pages        = {860},
  year         = {2018}
}

@software{TDAkit,
  author       = {You, Kisung and Yu, Byeongsu},
  title        = {TDAkit: Toolkit for Topological Data Analysis},
  version      = {0.1.2},
  year         = {2021},
  note         = {R package}
}

@article{Bauer2021Ripser,
  author  = {Bauer, Ulrich},
  title   = {Ripser: efficient computation of Vietoris--Rips persistence barcodes},
  journal = {Journal of Applied and Computational Topology},
  volume  = {5},
  number  = {3},
  pages   = {391--423},
  year    = {2021},
  doi     = {10.1007/s41468-021-00071-5},
  url     = {https://doi.org/10.1007/s41468-021-00071-5}
}

@book{Wickham2016ggplot2,
  author    = {Wickham, Hadley},
  title     = {ggplot2: Elegant Graphics for Data Analysis},
  publisher = {Springer-Verlag New York},
  year      = {2016},
  isbn      = {978-3-319-24277-4},
  url       = {https://ggplot2.tidyverse.org}
}
